@article{einstein,
    author        = {Albert Einstein},
    title         = {Zur Elektrodynamik bewegter K{\"o}rper. (German) [On the electrodynamics of moving bodies]},
    journaltitle  = {Annalen der Physik},
    year          = {1905},
    volume        = {322},
    number        = {10},
    pages         = {891-921},
    doi           = {http://dx.doi.org/10.1002/andp.19053221004}
}

@online{helsinki-uni-logo,
    author        = {...},
    title         = {...},
    year          = {...},
    url           = {https://www.google.com/url?sa=i&url=https\%3A\%2F\%2Fapp.biorender.com\%2Fportal\%2Fhelsinki\%3Futm_campaign\%3DU-Helsinki\%2BPremium\%2BInvita\%26utm_content\%3DHelsinki\%2BAnnouncement\%2BJan\%2B26\%2B2022\%26utm_medium\%3Demail_action\%26utm_source\%3Dcustomer.io&psig=AOvVaw0oF5TGsia8Vpejsep965jB&ust=1649275823551000&source=images&cd=vfe&ved=0CAoQjRxqFwoTCPiBhq_d_fYCFQAAAAAdAAAAABAD}
}

@book{latexcompanion,
    author        = {Michel Goossens and Frank Mittelbach and Alexander Samarin},
    title         = {The \LaTeX\ Companion},
    year          = {1993},
    publisher     = {Addison-Wesley},
    location      = {Reading, Massachusetts}
}